@inproceedings{primmTeachers,
  title={{Teachers' Experiences of Using Primm to Teach Programming in School}},
  author={Sentance, Sue and Waite, Jane and Kallia, Maria},
  booktitle={{Proceedings of the 50th ACM Technical Symposium on Computer Science Education}},
  pages={476--482},
  year={2019}
}

@inproceedings{learningFromGames,
    author = {Joel C. Adams, Andrew R. Webster},
    title = {{What Do Students Learn About Programming From Game, Music Video, And Storytelling Projects?}},
    year = {2012}
}

@inproceedings{ReversalEfect,
    author = {Slava Kalyuga, Paul Ayres, Paul Chandler, John Sweller},
    title = {{The Expertise Reversal Effect}},
    booktitle = {Educational Pshychologist},
    pages = {23--31},
    year = {2003}
}

@inproceedings{EducatorGuide,
    author = {Minecraft},
    title = {{Computer Science Educator Guide}},
    booktitle = {Minecraft education edition educator toolkit },
    year = {2022}
}

@inproceedings{GamificationEducation,
    author = {Pin Luarn, Chiao-Chieh Chen, Yu-Ping Chiu},
    title = {{The Influence of Gamification Elements in Educational Environments}},
    booktitle = {International Journal of Game-Based Learning},
    year = {> 2020}
}

@inproceedings{ZPD,
    author = {Tayebeh Fani, Farid Ghaemi},
    title = {{Implications of Vygotsky's Zone of Proximal Development (ZPD) in Teacher Education: ZPTD and Self-scaffolding}},
    year = {2011}
}

@misc{opleidingInCijfers, 
    title= {{Opleiding in Cijfers: Bachelor of Science in de Computerwetenschappen (Nederlandstalig, Vrije Universiteit Brussel)}},
    publisher={Vlaanderen is Onderwijs \& Vorming},
    note={Accessed on 2023-12-05},
    howpublished = {\url{https://dataloep-publiek.vlaanderen.be/QvAJAXZfc/notoolbar.htm?document=HO\-Publiek\%2FOpleiding\_in\_cijfers\_DWH\_2.0.qvw\&host=PubliekQVS\%40cwv100163\&\\anonymous=true\&select=LB240\&select=LB240,2894}} 
} 

@misc{AustralianMinecraftEdu,
    title={{Minecraft: Education Edition - Information for schools}},
    publisher = {Victoria state government},
    note = {Accesed on 2023-12-07},
    howpublished = {\url{https://fuse.education.vic.gov.au/Resource/ByPin?Pin=2FFFYZ&SearchScope=All}}
}

@misc{BlogsMinecraftEducation,
    title = {NEWS & STORIES},
    publisher = {Minecraft Education},
    note = {Accesed on 2023-12-07},
    howpublished ={\url{https://education.minecraft.net/nl-nl/blog#page-1}}
}

@inproceedings{AspectsGameBasedLearning,
    author = {Maja Pivec, Olga Dziabenko, Irmgard Schinnerl},
    title = {{Aspects of Game-Based Learning}},
    booktitle = {Proceeding of I-KNOW '03'} ,
    year = {2003}
}

@inproceedings{GamificationVsGameBasedLearning,
    author = {Rula Al-Azawi, Fatma Al-Faliti, and Mazin Al-Blushi},
    title = {{Educational Gamification Vs. Game Based Learning:
Comparative Study}},
    booktitle = {International Journal of Innovation, Management and Technology, Vol. 7, No. 4, August 2016},
    year = {2016},
}

@inproceedings{roleOfMinecraftEductaion,
    author = {Noelene Calleghan},
    title = {{Investigating the role of Minecraft in educational learning environments}},
    booktitle = {Educational media international, 2016}
    year = {2006}
}

@inproceedings{TranformingEducationWithMinecraft,
    author = {Par Thierry Karsenti, Ph. D. et,
Julien Bugmann, Ph. D.,Pierre-Paul Gros, M.Sc.},
    title = {{Transforming Education with Minecraft}},
    year = {2017}
}

@inproceedings{RemainingComputerScienceInTheCurriculum,
    author = {Microsoft},
    title = {{Reimagining Computer Science in the Curriculum}},
    year = {>2016}
}